
@article{baker2005pnp,
  title={An experimental card game for teaching software engineering processes},
  author={Baker, Alex and Oh Navarro, Emily and Van Der Hoek, Andr{\'e}},
  journal={Journal of Systems and Software},
  volume={75},
  number={1},
  pages={3-16},
  year={2005}
}

@inproceedings{figueiredo2007simules,
  title={Um Jogo para o Ensino de Engenharia de Software centrado na Perspectiva de Evolu{\c{c}}{\~a}o},
  author={Figueiredo, Eduardo and Lobato, Cidiane and Dias, Klessis and Leite, Julio and Lucena, Carlos},
  booktitle={Congresso da Sociedade Brasileira de Computa{\c{c}}{\~a}o (SBC)},
  pages={37-46},
  year={2007}
}

@phdthesis{fielding2000rest,
  title={Architectural styles and the design of network-based software architectures},
  author={Fielding, Roy Thomas},
  year={2000},
  school={University of California, Irvine}
}

@inproceedings{kastner2009featureide,
  title={FeatureIDE: A tool framework for feature-oriented software development},
  author={Kastner, Christian and Thum, Thomas and Saake, Gunter and Feigenspan, Janet and Leich, Thomas and Wielgorz, Fabian and Apel, Sven},
  booktitle={31st International Conference on Software Engineering (ICSE)},
  pages={611-614},
  year={2009}
}

@inproceedings{apel2009featurehouse,
  title={FEATUREHOUSE: Language-independent, automated software composition},
  author={Apel, Sven and Kastner, Christian and Lengauer, Christian},
  booktitle={31st International Conference on Software Engineering (ICSE)},
  pages={221-231},
  year={2009}
}
